<record><leader>00000cas a22000007a 4500</leader><controlfield tag="001">10941550</controlfield><controlfield tag="008">840712d18711879aluwr ne      0    0eng d</controlfield><controlfield tag="009">330</controlfield><datafield ind1=" " ind2=" " tag="010"><subfield code="a">sn 84023449 </subfield></datafield><datafield ind1=" " ind2=" " tag="040"><subfield code="a">AQM</subfield><subfield code="b">eng</subfield><subfield code="c">AQM</subfield><subfield code="d">NPX</subfield><subfield code="d">NPU</subfield><subfield code="d">CPN</subfield><subfield code="d">ANU</subfield></datafield><datafield ind1="1" ind2=" " tag="029"><subfield code="a">AU@</subfield><subfield code="b">000025824046</subfield></datafield><datafield ind1=" " ind2=" " tag="042"><subfield code="a">msc</subfield></datafield><datafield ind1="0" ind2=" " tag="130"><subfield code="a">Limestone news (Athens, Ala. : 1871)</subfield></datafield><datafield ind1="0" ind2="4" tag="245"><subfield code="a">The Limestone news.</subfield></datafield><datafield ind1=" " ind2=" " tag="260"><subfield code="a">Athens, Ala. :</subfield><subfield code="b">Davis &amp; Gibson,</subfield><subfield code="c">1871-</subfield></datafield><datafield ind1=" " ind2=" " tag="300"><subfield code="a">v. :</subfield><subfield code="b">ill. ;</subfield><subfield code="c">61 cm.</subfield></datafield><datafield ind1=" " ind2=" " tag="310"><subfield code="a">Weekly</subfield></datafield><datafield ind1="0" ind2=" " tag="362"><subfield code="a">Vol. 1, no. 1 (Feb. 8, 1871)-</subfield></datafield><datafield ind1="1" ind2=" " tag="362"><subfield code="a">Ceased in 1879?</subfield></datafield><datafield ind1=" " ind2=" " tag="500"><subfield code="a">Editors: Davis &amp; Ainsworth, &lt;1876&gt;.</subfield></datafield><datafield ind1=" " ind2=" " tag="500"><subfield code="a">"The people: their voice shall be heard and their right vindicated."</subfield></datafield><datafield ind1="1" ind2=" " tag="700"><subfield code="a">Davis, L. B.</subfield></datafield><datafield ind1="1" ind2=" " tag="700"><subfield code="a">Ainsworth, S. M.</subfield></datafield><datafield ind1=" " ind2=" " tag="752"><subfield code="a">United States</subfield><subfield code="b">Alabama</subfield><subfield code="c">Limestone</subfield><subfield code="d">Athens.</subfield></datafield></record>